<?xml version="1.0" encoding="UTF-8"?><collection><record><leader>05291ntm a2200565 a 4500</leader><controlfield tag="001">006805267</controlfield><controlfield tag="003">MiAaHDL</controlfield><controlfield tag="005">20190719000000.0</controlfield><controlfield tag="006">m        d        </controlfield><controlfield tag="007">cr bn ---auaua</controlfield><controlfield tag="008">090530s1686    xx            00| ||ara d</controlfield><datafield tag="035" ind1=" " ind2=" "><subfield code="a">(MiU)006805267</subfield></datafield><datafield tag="035" ind1=" " ind2=" "><subfield code="a">sdr-miu006805267</subfield></datafield><datafield tag="040" ind1=" " ind2=" "><subfield code="a">MiU</subfield><subfield code="c">MiU</subfield><subfield code="e">amremm</subfield></datafield><datafield tag="043" ind1=" " ind2=" "><subfield code="a">n-us-mi</subfield></datafield><datafield tag="100" ind1="1" ind2=" "><subfield code="6">880-01</subfield><subfield code="a">Laqānī, Muḥammad ibn Ḥasan,</subfield><subfield code="d">1468 or 1469-1550.</subfield></datafield><datafield tag="245" ind1="1" ind2="0"><subfield code="6">880-03</subfield><subfield code="a">Sharḥ khuṭbat Mukhtaṣar al-shaykh Khalīl al-Mālikī,</subfield><subfield code="f">[1097, i.e. 1686].</subfield></datafield><datafield tag="246" ind1="3" ind2=" "><subfield code="6">880-04</subfield><subfield code="a">Nubdhah fī al-kalām ʻalá khuṭbat Mukhtaṣar al-shaykh Khalīl</subfield></datafield><datafield tag="260" ind1=" " ind2=" "><subfield code="c">[1686].</subfield></datafield><datafield tag="300" ind1=" " ind2=" "><subfield code="a">11 leaves :</subfield><subfield code="b">paper ;</subfield><subfield code="c">212 x 150 (155 x 93) mm.</subfield></datafield><datafield tag="500" ind1=" " ind2=" "><subfield code="a">Shelfmark: Ann Arbor, University of Michigan, Special Collections Library, Isl. Ms. 581</subfield></datafield><datafield tag="500" ind1=" " ind2=" "><subfield code="a">Origin: As appears in colophon, pp.25-26, transcription completed 25 Ramaḍān 1097 [ca. 15 August 1686].</subfield></datafield><datafield tag="500" ind1=" " ind2=" "><subfield code="a">Accompanying materials: a. Inventory cataloguing slip in hand of Winifred Smeaton Thomas (pp.1-2) -- b. Acquisitions slip from Yahuda (pp.3-4).</subfield></datafield><datafield tag="500" ind1=" " ind2=" "><subfield code="a">Former shelfmark: From front cover, 'title page' (p.5) and label on lower cover, "IL 193" (likely supplied by Yahuda, see acquisitions slip).</subfield></datafield><datafield tag="500" ind1=" " ind2=" "><subfield code="a">Binding: Wove paper cover (light brown, single sheet, crisp and transluscent, limp binding without boards) ; sewn in light blue thread, four stations ; cover ill-fitting and in somewhat poor condition with tears, staining, etc.</subfield></datafield><datafield tag="500" ind1=" " ind2=" "><subfield code="a">Support: European laid paper with 9 laid lines per cm. (vertical), chain lines spaced 22-24 mm. apart (horizontal), and crown-star-crescent watermark (roughly 85 mm. tall, see p.16, 17, etc.) ; dark cream in color, sturdy, well-burnished to glossy.</subfield></datafield><datafield tag="500" ind1=" " ind2=" "><subfield code="a">Decoration: Keywords, abbreviation symbols, and text being commented upon rubricated ; textual dividers in the form of inverted commas in red.</subfield></datafield><datafield tag="500" ind1=" " ind2=" "><subfield code="a">Script: Naskh ; angular Egyptian or 'Syrian' hand ; partially seriffed with right-sloping head-serif appearing occasionally on free-standing alif, slight effect of tilt to left and of words descending to baseline, many rectilinear descenders, pointing in distinct dots, elongation of horizontal strokes, kāf mashqūqah preferred, final nūn quite round with dot set deep in bowl, somewhat freely ligatured.</subfield></datafield><datafield tag="500" ind1=" " ind2=" "><subfield code="a">Layout: Written in 23 lines per page ; frame-ruled.</subfield></datafield><datafield tag="500" ind1=" " ind2=" "><subfield code="a">Collation: V+1 (11) ; catchwords present ; pagination in pencil, Western numerals, supplied during digitization (includes inserts).</subfield></datafield><datafield tag="500" ind1=" " ind2=" "><subfield code="a">Colophon: "Scribal," triangular, reads "وكان الفراغ من كتابة هذا الشرح المبارك يوم الخميس المبارك خامس عشرين شهر رمضان الكريم من سنة سبعة وتسعين والف من الهجرة النبوية على صاحبها افضل الصلاة وازكى السلام وعلى اله"</subfield></datafield><datafield tag="500" ind1=" " ind2=" "><subfield code="a">Explicit: "قيل فالاول اخص مطلقا وفيه نظر اذ لو سلمناه يمكن تصادقهما وانفراد كل منهما فيكون كل منهما اعم من الاخر من وجه والله سبحانه وتعالى اعلم بالصواب واليه المرجع والمآب ولا حول ولا قوة الا بالله العلي العظيم وصلى الله على سيدنا محمد النبي الامي وعلى اله واصحابه وعلى سائر الانبياء والمرسلين وعلى آل كل وصحب كل والتابعين لهم باحسان الى يوم الدين وسلم [؟] وسلام على المرسلين والحمد لله رب العالمين"</subfield></datafield><datafield tag="500" ind1=" " ind2=" "><subfield code="a">Incipit: "لما كان تأليف هذا الكتاب امرا ذا بال اي شان يهتم به وكلما هو كذلك تطلب فيه البدأة بالبسملة ..."</subfield></datafield><datafield tag="500" ind1=" " ind2=" "><subfield code="a">Title from 'title page' (p.5).</subfield></datafield><datafield tag="500" ind1=" " ind2=" "><subfield code="a">Ms. codex.</subfield></datafield><datafield tag="510" ind1="4" ind2=" "><subfield code="a">Ḥājjī Khalīfah. Kashf al-ẓunūn,</subfield><subfield code="c">v 447, no.11615</subfield></datafield><datafield tag="510" ind1="4" ind2=" "><subfield code="a">Brockelmann, C. GAL,</subfield><subfield code="c">II 84 (I. cmtre. h.) ; S II 97</subfield></datafield><datafield tag="520" ind1="8" ind2=" "><subfield code="a">Clear copy of a commentary on the preface of the Mukhtaṣar, the renowned compendium of Mālikī law by Khalīl ibn Isḥāq al-Mālikī, Ibn al-Jundī (d.1365 or 1374?).</subfield></datafield><datafield tag="538" ind1=" " ind2=" "><subfield code="a">Mode of access: Internet.</subfield></datafield><datafield tag="541" ind1=" " ind2=" "><subfield code="a">Acquired in 1926 from the bookseller Isaac Benjamin S.E. Yahuda via purchase transacted on his behalf by his younger brother, the famous Orientalist and manuscript collector Abraham Shalom Yahuda (1877-1951).</subfield></datafield><datafield tag="546" ind1=" " ind2=" "><subfield code="a">Arabic.</subfield></datafield><datafield tag="561" ind1=" " ind2=" "><subfield code="a">Glosses and marginal corrections (mainly in the hand of the copyist, also in one other hand).</subfield></datafield><datafield tag="600" ind1="0" ind2="0"><subfield code="a">Khalīl ibn Isḥāq al-Jundī,</subfield><subfield code="d">-1365?</subfield><subfield code="t">Mukhtaṣar.</subfield></datafield><datafield tag="650" ind1=" " ind2="0"><subfield code="a">Manuscripts, Arabic</subfield><subfield code="z">Michigan</subfield><subfield code="z">Ann Arbor.</subfield></datafield><datafield tag="650" ind1=" " ind2="0"><subfield code="a">Malikites</subfield><subfield code="v">Early works to 1800.</subfield></datafield><datafield tag="650" ind1=" " ind2="0"><subfield code="a">Islamic law</subfield><subfield code="x">Interpretation and construction</subfield><subfield code="v">Early works to 1800.</subfield></datafield><datafield tag="773" ind1="0" ind2=" "><subfield code="a">Yahuda Collection.</subfield></datafield><datafield tag="880" ind1="3" ind2=" "><subfield code="6">246-04/</subfield><subfield code="a">نبذة في الكلام على خطبة مختصر الشيخ خليل</subfield></datafield><datafield tag="880" ind1="1" ind2="0"><subfield code="6">245-03/</subfield><subfield code="a">شرح خطبة مختصر الشيخ خليل المالكي,</subfield><subfield code="f">[1097ه، 1686م].</subfield></datafield><datafield tag="880" ind1="1" ind2=" "><subfield code="6">100-01/</subfield><subfield code="a">لقاني، محمد بن حسن.</subfield></datafield><datafield tag="CID" ind1=" " ind2=" "><subfield code="a">006805267</subfield></datafield><datafield tag="DAT" ind1="0" ind2=" "><subfield code="a">20190719102637.0</subfield><subfield code="b">20190719000000.0</subfield></datafield><datafield tag="DAT" ind1="1" ind2=" "><subfield code="a">20190719090653.0</subfield><subfield code="b">2019-07-19T16:11:30Z</subfield></datafield><datafield tag="DAT" ind1="2" ind2=" "><subfield code="a">2015-10-02T18:00:03Z</subfield></datafield><datafield tag="CAT" ind1=" " ind2=" "><subfield code="a">SDR-MIU</subfield><subfield code="d">EX LIBRIS - ALEPH</subfield><subfield code="l">prepare.pl-004-008</subfield></datafield><datafield tag="FMT" ind1=" " ind2=" "><subfield code="a">BK</subfield></datafield><datafield tag="HOL" ind1=" " ind2=" "><subfield code="0">sdr-miu006805267</subfield><subfield code="a">MiU</subfield><subfield code="b">SDR</subfield><subfield code="c">MIU</subfield><subfield code="p">mdp.39015079127083</subfield><subfield code="s">MIU</subfield><subfield code="1">006805267</subfield></datafield><datafield tag="974" ind1=" " ind2=" "><subfield code="b">MIU</subfield><subfield code="c">MIU</subfield><subfield code="d">20190719</subfield><subfield code="s">lit-dlps-dc</subfield><subfield code="u">mdp.39015079127083</subfield><subfield code="y">1686</subfield><subfield code="r">pd</subfield><subfield code="q">bib</subfield><subfield code="t">non-US bib date1 &lt; 1879</subfield></datafield></record></collection>